%YAML 1.1
%TAG !u! tag:unity3d.com,2011:
--- !u!1 &111540
GameObject:
  m_ObjectHideFlags: 0
  m_PrefabParentObject: {fileID: 0}
  m_PrefabInternal: {fileID: 100100000}
  serializedVersion: 4
  m_Component:
  - 4: {fileID: 496864}
  - 61: {fileID: 6157160}
  - 212: {fileID: 21266136}
  - 114: {fileID: 11442920}
  - 114: {fileID: 11485066}
  - 82: {fileID: 8232090}
  - 114: {fileID: 11433696}
  m_Layer: 0
  m_Name: SuitOfArmor
  m_TagString: InteractableObject
  m_Icon: {fileID: 0}
  m_NavMeshLayer: 0
  m_StaticEditorFlags: 0
  m_IsActive: 1
--- !u!4 &496864
Transform:
  m_ObjectHideFlags: 1
  m_PrefabParentObject: {fileID: 0}
  m_PrefabInternal: {fileID: 100100000}
  m_GameObject: {fileID: 111540}
  m_LocalRotation: {x: 0, y: 0, z: 0, w: 1}
  m_LocalPosition: {x: -5.18, y: 1.3, z: 0}
  m_LocalScale: {x: 0.4, y: 0.4, z: 0.4}
  m_LocalEulerAnglesHint: {x: 0, y: 0, z: 0}
  m_Children: []
  m_Father: {fileID: 0}
  m_RootOrder: 0
--- !u!61 &6157160
BoxCollider2D:
  m_ObjectHideFlags: 1
  m_PrefabParentObject: {fileID: 0}
  m_PrefabInternal: {fileID: 100100000}
  m_GameObject: {fileID: 111540}
  m_Enabled: 1
  m_Density: 1
  m_Material: {fileID: 0}
  m_IsTrigger: 0
  m_UsedByEffector: 0
  m_Offset: {x: 0, y: 0}
  serializedVersion: 2
  m_Size: {x: 7, y: 12.5}
--- !u!82 &8232090
AudioSource:
  m_ObjectHideFlags: 1
  m_PrefabParentObject: {fileID: 0}
  m_PrefabInternal: {fileID: 100100000}
  m_GameObject: {fileID: 111540}
  m_Enabled: 1
  serializedVersion: 4
  OutputAudioMixerGroup: {fileID: 0}
  m_audioClip: {fileID: 0}
  m_PlayOnAwake: 1
  m_Volume: 1
  m_Pitch: 1
  Loop: 0
  Mute: 0
  Spatialize: 0
  Priority: 128
  DopplerLevel: 1
  MinDistance: 1
  MaxDistance: 500
  Pan2D: 0
  rolloffMode: 0
  BypassEffects: 0
  BypassListenerEffects: 0
  BypassReverbZones: 0
  rolloffCustomCurve:
    serializedVersion: 2
    m_Curve:
    - time: 0
      value: 1
      inSlope: 0
      outSlope: 0
      tangentMode: 0
    - time: 1
      value: 0
      inSlope: 0
      outSlope: 0
      tangentMode: 0
    m_PreInfinity: 2
    m_PostInfinity: 2
    m_RotationOrder: 4
  panLevelCustomCurve:
    serializedVersion: 2
    m_Curve:
    - time: 0
      value: 0
      inSlope: 0
      outSlope: 0
      tangentMode: 0
    m_PreInfinity: 2
    m_PostInfinity: 2
    m_RotationOrder: 4
  spreadCustomCurve:
    serializedVersion: 2
    m_Curve:
    - time: 0
      value: 0
      inSlope: 0
      outSlope: 0
      tangentMode: 0
    m_PreInfinity: 2
    m_PostInfinity: 2
    m_RotationOrder: 4
  reverbZoneMixCustomCurve:
    serializedVersion: 2
    m_Curve:
    - time: 0
      value: 1
      inSlope: 0
      outSlope: 0
      tangentMode: 0
    m_PreInfinity: 2
    m_PostInfinity: 2
    m_RotationOrder: 4
--- !u!114 &11433696
MonoBehaviour:
  m_ObjectHideFlags: 1
  m_PrefabParentObject: {fileID: 0}
  m_PrefabInternal: {fileID: 100100000}
  m_GameObject: {fileID: 111540}
  m_Enabled: 1
  m_EditorHideFlags: 0
  m_Script: {fileID: 11500000, guid: 8c6295ff0f9dcc34a9e9855ded83cd60, type: 3}
  m_Name: 
  m_EditorClassIdentifier: 
  MyAudio: {fileID: 0}
  isOneOff: 0
  MinDistance: 3
  MaxDistance: 10
  volumePercentModifier: 0.8
--- !u!114 &11442920
MonoBehaviour:
  m_ObjectHideFlags: 1
  m_PrefabParentObject: {fileID: 0}
  m_PrefabInternal: {fileID: 100100000}
  m_GameObject: {fileID: 111540}
  m_Enabled: 1
  m_EditorHideFlags: 0
  m_Script: {fileID: 11500000, guid: 25b2064a89c5e3f45be8fe099b133bfe, type: 3}
  m_Name: 
  m_EditorClassIdentifier: 
  pixelsPerUnit: 100
  animations:
  - name: Idle
    sheet: {fileID: 2800000, guid: ec29c5a6d6ead184c9ebef99fcd830d1, type: 3}
    rows: 1
    columns: 1
    frames: 1
    frameMS: 30
    pivot: {x: 0.5, y: 0.5}
    duration: 0
  - name: Committed
    sheet: {fileID: 2800000, guid: 3937bb252b4d6ae4fbcdec7104a80975, type: 3}
    rows: 4
    columns: 4
    frames: 16
    frameMS: 30
    pivot: {x: 0.5, y: 0.5}
    duration: 0
  - name: Blank
    sheet: {fileID: 2800000, guid: 20f9aeabb21cbd945851e60c3c7f8b32, type: 3}
    rows: 1
    columns: 1
    frames: 1
    frameMS: 1
    pivot: {x: 0.5, y: 0.5}
    duration: 0
--- !u!114 &11485066
MonoBehaviour:
  m_ObjectHideFlags: 1
  m_PrefabParentObject: {fileID: 0}
  m_PrefabInternal: {fileID: 100100000}
  m_GameObject: {fileID: 111540}
  m_Enabled: 1
  m_EditorHideFlags: 0
  m_Script: {fileID: 11500000, guid: bbd8e61dde357704e8e2a07e0cd7f290, type: 3}
  m_Name: 
  m_EditorClassIdentifier: 
  normal: {fileID: 21300000, guid: ec29c5a6d6ead184c9ebef99fcd830d1, type: 3}
  highlighted: {fileID: 21300000, guid: a5a2567cba5974648aceccaa74f51ed3, type: 3}
  bubble: {fileID: 2800000, guid: 67e92326ce8f62a4aafc3e4c1e31b3a5, type: 3}
  ObjectName: 
  yellow100: {fileID: 2800000, guid: 3fa70a5ef9cbbda42aaff0edc531263a, type: 3}
  grey60: {fileID: 2800000, guid: b9df505e5fcc6fb428bf491749c621cc, type: 3}
  commitSound: {fileID: 8300000, guid: 43948ab1b944e80478708cefef028ddd, type: 3}
--- !u!212 &21266136
SpriteRenderer:
  m_ObjectHideFlags: 1
  m_PrefabParentObject: {fileID: 0}
  m_PrefabInternal: {fileID: 100100000}
  m_GameObject: {fileID: 111540}
  m_Enabled: 1
  m_CastShadows: 0
  m_ReceiveShadows: 0
  m_Materials:
  - {fileID: 10754, guid: 0000000000000000e000000000000000, type: 0}
  m_SubsetIndices: 
  m_StaticBatchRoot: {fileID: 0}
  m_UseLightProbes: 0
  m_ReflectionProbeUsage: 0
  m_ProbeAnchor: {fileID: 0}
  m_ScaleInLightmap: 1
  m_PreserveUVs: 0
  m_IgnoreNormalsForChartDetection: 0
  m_ImportantGI: 0
  m_MinimumChartSize: 4
  m_AutoUVMaxDistance: 0.5
  m_AutoUVMaxAngle: 89
  m_LightmapParameters: {fileID: 0}
  m_SortingLayerID: 0
  m_SortingOrder: 2
  m_Sprite: {fileID: 21300000, guid: ec29c5a6d6ead184c9ebef99fcd830d1, type: 3}
  m_Color: {r: 1, g: 1, b: 1, a: 1}
  m_FlipX: 0
  m_FlipY: 0
--- !u!1001 &100100000
Prefab:
  m_ObjectHideFlags: 1
  serializedVersion: 2
  m_Modification:
    m_TransformParent: {fileID: 0}
    m_Modifications: []
    m_RemovedComponents: []
  m_ParentPrefab: {fileID: 0}
  m_RootGameObject: {fileID: 111540}
  m_IsPrefabParent: 1
