%YAML 1.1
%TAG !u! tag:unity3d.com,2011:
--- !u!1 &133730
GameObject:
  m_ObjectHideFlags: 0
  m_PrefabParentObject: {fileID: 0}
  m_PrefabInternal: {fileID: 100100000}
  serializedVersion: 4
  m_Component:
  - 4: {fileID: 443322}
  - 212: {fileID: 21251534}
  - 61: {fileID: 6155320}
  - 114: {fileID: 11451688}
  - 114: {fileID: 11478258}
  - 114: {fileID: 11489918}
  m_Layer: 0
  m_Name: Guest
  m_TagString: InteractableObject
  m_Icon: {fileID: 0}
  m_NavMeshLayer: 0
  m_StaticEditorFlags: 0
  m_IsActive: 1
--- !u!4 &443322
Transform:
  m_ObjectHideFlags: 1
  m_PrefabParentObject: {fileID: 0}
  m_PrefabInternal: {fileID: 100100000}
  m_GameObject: {fileID: 133730}
  m_LocalRotation: {x: 0, y: 0, z: 0, w: 1}
  m_LocalPosition: {x: -1.53, y: 3.64, z: 0}
  m_LocalScale: {x: 1, y: 1, z: 1}
  m_LocalEulerAnglesHint: {x: 0, y: 0, z: 0}
  m_Children: []
  m_Father: {fileID: 0}
  m_RootOrder: 0
--- !u!61 &6155320
BoxCollider2D:
  m_ObjectHideFlags: 1
  m_PrefabParentObject: {fileID: 0}
  m_PrefabInternal: {fileID: 100100000}
  m_GameObject: {fileID: 133730}
  m_Enabled: 1
  m_Density: 1
  m_Material: {fileID: 0}
  m_IsTrigger: 0
  m_UsedByEffector: 0
  m_Offset: {x: 0, y: 0}
  serializedVersion: 2
  m_Size: {x: 0.6, y: 1.3}
--- !u!114 &11451688
MonoBehaviour:
  m_ObjectHideFlags: 1
  m_PrefabParentObject: {fileID: 0}
  m_PrefabInternal: {fileID: 100100000}
  m_GameObject: {fileID: 133730}
  m_Enabled: 1
  m_EditorHideFlags: 0
  m_Script: {fileID: 11500000, guid: 25b2064a89c5e3f45be8fe099b133bfe, type: 3}
  m_Name: 
  m_EditorClassIdentifier: 
  pixelsPerUnit: 50
  animations:
  - name: Idle
    sheet: {fileID: 2800000, guid: d0d19d44d3d5d744b91c744eab7779e8, type: 3}
    rows: 2
    columns: 8
    frames: 12
    frameMS: 30
    pivot: {x: 0.5, y: 0.5}
    duration: 360
  - name: Running
    sheet: {fileID: 2800000, guid: 28e2bf97150ceb2449ccf86ea5fc4bb5, type: 3}
    rows: 3
    columns: 8
    frames: 24
    frameMS: 30
    pivot: {x: 0.5, y: 0.5}
    duration: 720
  - name: Jumping
    sheet: {fileID: 2800000, guid: 5d58769cd67614342bc59bdeca35b390, type: 3}
    rows: 5
    columns: 5
    frames: 24
    frameMS: 60
    pivot: {x: 0.32, y: 0.5}
    duration: 1440
--- !u!114 &11478258
MonoBehaviour:
  m_ObjectHideFlags: 1
  m_PrefabParentObject: {fileID: 0}
  m_PrefabInternal: {fileID: 100100000}
  m_GameObject: {fileID: 133730}
  m_Enabled: 1
  m_EditorHideFlags: 0
  m_Script: {fileID: 11500000, guid: 6ed9dd74180909c4eaf8b66a02e2a3ec, type: 3}
  m_Name: 
  m_EditorClassIdentifier: 
  speed: 3
  velocity: {x: 0, y: 0}
  doRecolor: 1
--- !u!114 &11489918
MonoBehaviour:
  m_ObjectHideFlags: 1
  m_PrefabParentObject: {fileID: 0}
  m_PrefabInternal: {fileID: 100100000}
  m_GameObject: {fileID: 133730}
  m_Enabled: 1
  m_EditorHideFlags: 0
  m_Script: {fileID: 11500000, guid: 74df9e4c08cf3ff479101bba0c0902f7, type: 3}
  m_Name: 
  m_EditorClassIdentifier: 
  normal: {fileID: 0}
  highlighted: {fileID: 0}
--- !u!212 &21251534
SpriteRenderer:
  m_ObjectHideFlags: 1
  m_PrefabParentObject: {fileID: 0}
  m_PrefabInternal: {fileID: 100100000}
  m_GameObject: {fileID: 133730}
  m_Enabled: 1
  m_CastShadows: 0
  m_ReceiveShadows: 0
  m_Materials:
  - {fileID: 10754, guid: 0000000000000000e000000000000000, type: 0}
  m_SubsetIndices: 
  m_StaticBatchRoot: {fileID: 0}
  m_UseLightProbes: 0
  m_ReflectionProbeUsage: 0
  m_ProbeAnchor: {fileID: 0}
  m_ScaleInLightmap: 1
  m_PreserveUVs: 0
  m_IgnoreNormalsForChartDetection: 0
  m_ImportantGI: 0
  m_MinimumChartSize: 4
  m_AutoUVMaxDistance: 0.5
  m_AutoUVMaxAngle: 89
  m_LightmapParameters: {fileID: 0}
  m_SortingLayerID: 0
  m_SortingOrder: 5
  m_Sprite: {fileID: 0}
  m_Color: {r: 1, g: 1, b: 1, a: 1}
  m_FlipX: 0
  m_FlipY: 0
--- !u!1001 &100100000
Prefab:
  m_ObjectHideFlags: 1
  serializedVersion: 2
  m_Modification:
    m_TransformParent: {fileID: 0}
    m_Modifications: []
    m_RemovedComponents: []
  m_ParentPrefab: {fileID: 0}
  m_RootGameObject: {fileID: 133730}
  m_IsPrefabParent: 1
